@article{HK_RMP2010,
  title = {Colloquium: Topological insulators},
  author = {Hasan, M. Z. and Kane, C. L.},
  journal = {Rev. Mod. Phys.},
  volume = {82},
  issue = {4},
  pages = {3045--3067},
  numpages = {0},
  year = {2010},
  month = {Nov},
  publisher = {American Physical Society},
  doi = {10.1103/RevModPhys.82.3045},
  url = {https://link.aps.org/doi/10.1103/RevModPhys.82.3045}
}

@article{QZ_RMP2011,
  title = {Topological insulators and superconductors},
  author = {Qi, Xiao-Liang and Zhang, Shou-Cheng},
  journal = {Rev. Mod. Phys.},
  volume = {83},
  issue = {4},
  pages = {1057--1110},
  numpages = {0},
  year = {2011},
  month = {Oct},
  publisher = {American Physical Society},
  doi = {10.1103/RevModPhys.83.1057},
  url = {https://link.aps.org/doi/10.1103/RevModPhys.83.1057}
}

@article{H_PRL1988,
  title = {Model for a Quantum Hall Effect without Landau Levels: Condensed-Matter Realization of the "Parity Anomaly"},
  author = {Haldane, F. D. M.},
  journal = {Phys. Rev. Lett.},
  volume = {61},
  issue = {18},
  pages = {2015--2018},
  numpages = {0},
  year = {1988},
  month = {Oct},
  publisher = {American Physical Society},
  doi = {10.1103/PhysRevLett.61.2015},
  url = {https://link.aps.org/doi/10.1103/PhysRevLett.61.2015}
}

@article{KDP_PRL1980,
  title = {New Method for High-Accuracy Determination of the Fine-Structure Constant Based on Quantized Hall Resistance},
  author = {Klitzing, K. v. and Dorda, G. and Pepper, M.},
  journal = {Phys. Rev. Lett.},
  volume = {45},
  issue = {6},
  pages = {494--497},
  numpages = {0},
  year = {1980},
  month = {Aug},
  publisher = {American Physical Society},
  doi = {10.1103/PhysRevLett.45.494},
  url = {https://link.aps.org/doi/10.1103/PhysRevLett.45.494}
}

@article{TKNN_PRL1982,
  title = {Quantized Hall Conductance in a Two-Dimensional Periodic Potential},
  author = {Thouless, D. J. and Kohmoto, M. and Nightingale, M. P. and den Nijs, M.},
  journal = {Phys. Rev. Lett.},
  volume = {49},
  issue = {6},
  pages = {405--408},
  numpages = {0},
  year = {1982},
  month = {Aug},
  publisher = {American Physical Society},
  doi = {10.1103/PhysRevLett.49.405},
  url = {https://link.aps.org/doi/10.1103/PhysRevLett.49.405}
}

@article{KM_PRL2005a,
  title = {Quantum Spin Hall Effect in Graphene},
  author = {Kane, C. L. and Mele, E. J.},
  journal = {Phys. Rev. Lett.},
  volume = {95},
  issue = {22},
  pages = {226801},
  numpages = {4},
  year = {2005},
  month = {Nov},
  publisher = {American Physical Society},
  doi = {10.1103/PhysRevLett.95.226801},
  url = {https://link.aps.org/doi/10.1103/PhysRevLett.95.226801}
}

@article{KM_PRL2005b,
  title = {${Z}_{2}$ Topological Order and the Quantum Spin Hall Effect},
  author = {Kane, C. L. and Mele, E. J.},
  journal = {Phys. Rev. Lett.},
  volume = {95},
  issue = {14},
  pages = {146802},
  numpages = {4},
  year = {2005},
  month = {Sep},
  publisher = {American Physical Society},
  doi = {10.1103/PhysRevLett.95.146802},
  url = {https://link.aps.org/doi/10.1103/PhysRevLett.95.146802}
}

@article{BHZ_S2006,
  title={Quantum spin Hall effect and topological phase transition in HgTe quantum wells},
  author={Bernevig, B Andrei and Hughes, Taylor L and Zhang, Shou-Cheng},
  journal={Science},
  volume={314},
  number={5806},
  pages={1757--1761},
  year={2006},
  publisher={American Association for the Advancement of Science},
  url={http://science.sciencemag.org/content/314/5806/1757}
}

@article{Ketc_S2007,
  title={Quantum spin Hall insulator state in HgTe quantum wells},
  author={K{\"o}nig, Markus and Wiedmann, Steffen and Br{\"u}ne, Christoph and Roth, Andreas and Buhmann, Hartmut and Molenkamp, Laurens W and Qi, Xiao-Liang and Zhang, Shou-Cheng},
  journal={Science},
  volume={318},
  number={5851},
  pages={766--770},
  year={2007},
  publisher={American Association for the Advancement of Science},
  url={http://science.sciencemag.org/content/318/5851/766}
}

@article{L_PRB1981,
  title = {Quantized Hall conductivity in two dimensions},
  author = {Laughlin, R. B.},
  journal = {Phys. Rev. B},
  volume = {23},
  issue = {10},
  pages = {5632--5633},
  numpages = {0},
  year = {1981},
  month = {May},
  publisher = {American Physical Society},
  doi = {10.1103/PhysRevB.23.5632},
  url = {https://link.aps.org/doi/10.1103/PhysRevB.23.5632}
}

@article{H_PRB1982,
  title = {Quantized Hall conductance, current-carrying edge states, and the existence of extended states in a two-dimensional disordered potential},
  author = {Halperin, B. I.},
  journal = {Phys. Rev. B},
  volume = {25},
  issue = {4},
  pages = {2185--2190},
  numpages = {0},
  year = {1982},
  month = {Feb},
  publisher = {American Physical Society},
  doi = {10.1103/PhysRevB.25.2185},
  url = {https://link.aps.org/doi/10.1103/PhysRevB.25.2185}
}


@article{TSG_PRL1982,
  title = {Two-Dimensional Magnetotransport in the Extreme Quantum Limit},
  author = {Tsui, D. C. and Stormer, H. L. and Gossard, A. C.},
  journal = {Phys. Rev. Lett.},
  volume = {48},
  issue = {22},
  pages = {1559--1562},
  numpages = {0},
  year = {1982},
  month = {May},
  publisher = {American Physical Society},
  doi = {10.1103/PhysRevLett.48.1559},
  url = {https://link.aps.org/doi/10.1103/PhysRevLett.48.1559}
}

@article{L_PRL1983,
  title = {Anomalous Quantum Hall Effect: An Incompressible Quantum Fluid with Fractionally Charged Excitations},
  author = {Laughlin, R. B.},
  journal = {Phys. Rev. Lett.},
  volume = {50},
  issue = {18},
  pages = {1395--1398},
  numpages = {0},
  year = {1983},
  month = {May},
  publisher = {American Physical Society},
  doi = {10.1103/PhysRevLett.50.1395},
  url = {https://link.aps.org/doi/10.1103/PhysRevLett.50.1395}
}

@article{TMW_PRL2011,
  title = {High-Temperature Fractional Quantum Hall States},
  author = {Tang, Evelyn and Mei, Jia-Wei and Wen, Xiao-Gang},
  journal = {Phys. Rev. Lett.},
  volume = {106},
  issue = {23},
  pages = {236802},
  numpages = {4},
  year = {2011},
  month = {Jun},
  publisher = {American Physical Society},
  doi = {10.1103/PhysRevLett.106.236802},
  url = {https://link.aps.org/doi/10.1103/PhysRevLett.106.236802}
}

@article{WR_PRB2011,
  title = {Nearly flat band with Chern number $C=2$ on the dice lattice},
  author = {Wang, Fa and Ran, Ying},
  journal = {Phys. Rev. B},
  volume = {84},
  issue = {24},
  pages = {241103},
  numpages = {5},
  year = {2011},
  month = {Dec},
  publisher = {American Physical Society},
  doi = {10.1103/PhysRevB.84.241103},
  url = {https://link.aps.org/doi/10.1103/PhysRevB.84.241103}
}

@article{SGKD_PRL2011,
  title = {Nearly Flatbands with Nontrivial Topology},
  author = {Sun, Kai and Gu, Zhengcheng and Katsura, Hosho and Das Sarma, S.},
  journal = {Phys. Rev. Lett.},
  volume = {106},
  issue = {23},
  pages = {236803},
  numpages = {4},
  year = {2011},
  month = {Jun},
  publisher = {American Physical Society},
  doi = {10.1103/PhysRevLett.106.236803},
  url = {https://link.aps.org/doi/10.1103/PhysRevLett.106.236803}
}

@article{NSCM_PRL2011,
  title = {Fractional Quantum Hall States at Zero Magnetic Field},
  author = {Neupert, Titus and Santos, Luiz and Chamon, Claudio and Mudry, Christopher},
  journal = {Phys. Rev. Lett.},
  volume = {106},
  issue = {23},
  pages = {236804},
  numpages = {4},
  year = {2011},
  month = {Jun},
  publisher = {American Physical Society},
  doi = {10.1103/PhysRevLett.106.236804},
  url = {https://link.aps.org/doi/10.1103/PhysRevLett.106.236804}
}

@article{TB_PRB2012,
  title = {Flat bands with higher Chern number in pyrochlore slabs},
  author = {Trescher, Maximilian and Bergholtz, Emil J.},
  journal = {Phys. Rev. B},
  volume = {86},
  issue = {24},
  pages = {241111},
  numpages = {5},
  year = {2012},
  month = {Dec},
  publisher = {American Physical Society},
  doi = {10.1103/PhysRevB.86.241111},
  url = {https://link.aps.org/doi/10.1103/PhysRevB.86.241111}
}

@article{YGSD_PRB2012,
  title = {Topological flat band models with arbitrary Chern numbers},
  author = {Yang, Shuo and Gu, Zheng-Cheng and Sun, Kai and Das Sarma, S.},
  journal = {Phys. Rev. B},
  volume = {86},
  issue = {24},
  pages = {241112},
  numpages = {5},
  year = {2012},
  month = {Dec},
  publisher = {American Physical Society},
  doi = {10.1103/PhysRevB.86.241112},
  url = {https://link.aps.org/doi/10.1103/PhysRevB.86.241112}
}

@article{SGSS_NC2011,
  title={Fractional quantum Hall effect in the absence of Landau levels},
  author={Sheng, DN and Gu, Zheng-Cheng and Sun, Kai and Sheng, L},
  journal={Nat. Commun.},
  volume={2},
  pages={389},
  year={2011},
  publisher={Nature Publishing Group},
  url={https://www.nature.com/articles/ncomms1380}
}

@article{RB_PRX2011,
  title = {Fractional Chern Insulator},
  author = {Regnault, N. and Bernevig, B. Andrei},
  journal = {Phys. Rev. X},
  volume = {1},
  issue = {2},
  pages = {021014},
  numpages = {14},
  year = {2011},
  month = {Dec},
  publisher = {American Physical Society},
  doi = {10.1103/PhysRevX.1.021014},
  url = {https://link.aps.org/doi/10.1103/PhysRevX.1.021014}
}

@article{WGGS_PRL2011,
  title = {Fractional Quantum Hall Effect of Hard-Core Bosons in Topological Flat Bands},
  author = {Wang, Yi-Fei and Gu, Zheng-Cheng and Gong, Chang-De and Sheng, D. N.},
  journal = {Phys. Rev. Lett.},
  volume = {107},
  issue = {14},
  pages = {146803},
  numpages = {5},
  year = {2011},
  month = {Sep},
  publisher = {American Physical Society},
  doi = {10.1103/PhysRevLett.107.146803},
  url = {https://link.aps.org/doi/10.1103/PhysRevLett.107.146803}
}

@article{NSRCM_PRB2011,
  title = {Fractional topological liquids with time-reversal symmetry and their lattice realization},
  author = {Neupert, Titus and Santos, Luiz and Ryu, Shinsei and Chamon, Claudio and Mudry, Christopher},
  journal = {Phys. Rev. B},
  volume = {84},
  issue = {16},
  pages = {165107},
  numpages = {13},
  year = {2011},
  month = {Oct},
  publisher = {American Physical Society},
  doi = {10.1103/PhysRevB.84.165107},
  url = {https://link.aps.org/doi/10.1103/PhysRevB.84.165107}
}

@article{LBFL_PRL2012,
  title = {Fractional Chern Insulators in Topological Flat Bands with Higher Chern Number},
  author = {Liu, Zhao and Bergholtz, Emil J. and Fan, Heng and L\"auchli, Andreas M.},
  journal = {Phys. Rev. Lett.},
  volume = {109},
  issue = {18},
  pages = {186805},
  numpages = {5},
  year = {2012},
  month = {Nov},
  publisher = {American Physical Society},
  doi = {10.1103/PhysRevLett.109.186805},
  url = {https://link.aps.org/doi/10.1103/PhysRevLett.109.186805}
}

@article{T_PTP1998,
  title={From Nagaoka's ferromagnetism to flat-band ferromagnetism and beyond: An introduction to ferromagnetism in the Hubbard model},
  author={Tasaki, Hal},
  journal={Prog. Thoer. Phys.},
  volume={99},
  number={4},
  pages={489--548},
  year={1998},
  publisher={Oxford University Press},
  url={https://academic.oup.com/ptp/article/99/4/489/1840897}
}

@article{T_PRL1992,
  title = {Ferromagnetism in the Hubbard models with degenerate single-electron ground states},
  author = {Tasaki, Hal},
  journal = {Phys. Rev. Lett.},
  volume = {69},
  issue = {10},
  pages = {1608--1611},
  numpages = {0},
  year = {1992},
  month = {Sep},
  publisher = {American Physical Society},
  doi = {10.1103/PhysRevLett.69.1608},
  url = {https://link.aps.org/doi/10.1103/PhysRevLett.69.1608}
}

@ARTICLE{M_PLA1993,
   author = {{Mielke}, A.},
    title = "{Ferromagnetism in the Hubbard model and Hund's rule}",
  journal = {Phys. Lett. A},
     year = 1993,
    month = mar,
   volume = 174,
    pages = {443-448},
      doi = {10.1016/0375-9601(93)90207-G},
   adsurl = {http://adsabs.harvard.edu/abs/1993PhLA..174..443M},
  adsnote = {Provided by the SAO/NASA Astrophysics Data System}
}

@ARTICLE{MT_CMP1993,
   author = {{Mielke}, A. and {Tasaki}, H.},
    title = "{Ferromagnetism in the Hubbard model: Examples from models with degenerate single-electron ground states}",
  journal = {Commun. Math. Phys},
     year = 1993,
    month = nov,
   volume = 158,
    pages = {341-371},
      doi = {10.1007/BF02108079},
   adsurl = {http://adsabs.harvard.edu/abs/1993CMaPh.158..341M},
  adsnote = {Provided by the SAO/NASA Astrophysics Data System}
}

@article{T_PRL1994,
  title = {Stability of Ferromagnetism in the Hubbard Model},
  author = {Tasaki, Hal},
  journal = {Phys. Rev. Lett.},
  volume = {73},
  issue = {8},
  pages = {1158--1161},
  numpages = {0},
  year = {1994},
  month = {Aug},
  publisher = {American Physical Society},
  doi = {10.1103/PhysRevLett.73.1158},
  url = {https://link.aps.org/doi/10.1103/PhysRevLett.73.1158}
}

@article{KA_PRL1994,
  title = {Ferromagnetic spin-wave theory in the multiband Hubbard model having a flat band},
  author = {Kusakabe, K. and Aoki, H.},
  journal = {Phys. Rev. Lett.},
  volume = {72},
  issue = {1},
  pages = {144--147},
  numpages = {0},
  year = {1994},
  month = {Jan},
  publisher = {American Physical Society},
  doi = {10.1103/PhysRevLett.72.144},
  url = {https://link.aps.org/doi/10.1103/PhysRevLett.72.144}
}

@article{SGDL_arXiv2008,
  title={Topological Magnons in a One-dimensional Itinerant Flat-Band Ferromagnet},
  author={Su, Xiao-Fei and Gu, Zhao-Long and Dong, Zhao-Yang and Li, Jian-Xin},
  journal={arXiv:1801.05255},
  year={2018},
  url={https://arxiv.org/abs/1801.05255}
}

@article{NSRCM_PRL2012,
  title = {Topological Hubbard Model and Its High-Temperature Quantum Hall Effect},
  author = {Neupert, Titus and Santos, Luiz and Ryu, Shinsei and Chamon, Claudio and Mudry, Christopher},
  journal = {Phys. Rev. Lett.},
  volume = {108},
  issue = {4},
  pages = {046806},
  numpages = {5},
  year = {2012},
  month = {Jan},
  publisher = {American Physical Society},
  doi = {10.1103/PhysRevLett.108.046806},
  url = {https://link.aps.org/doi/10.1103/PhysRevLett.108.046806}
}

@article{DG_PRB2015,
  title = {Flat-band ferromagnetism and spin waves in topological Hubbard models},
  author = {Doretto, R. L. and Goerbig, M. O.},
  journal = {Phys. Rev. B},
  volume = {92},
  issue = {24},
  pages = {245124},
  numpages = {16},
  year = {2015},
  month = {Dec},
  publisher = {American Physical Society},
  doi = {10.1103/PhysRevB.92.245124},
  url = {https://link.aps.org/doi/10.1103/PhysRevB.92.245124}
}

@article{CMST_JPMT2014,
  title={The impossibility of exactly flat non-trivial Chern bands in strictly local periodic tight binding models},
  author={Chen, Li and Mazaheri, Tahereh and Seidel, Alexander and Tang, Xiang},
  journal={J. Phys. A: Math. Theor.},
  volume={47},
  number={15},
  pages={152001},
  year={2014},
  publisher={IOP Publishing},
  url={http://iopscience.iop.org/article/10.1088/1751-8113/47/15/152001/meta}
}

@article{WWZ_PRB1989,
  title = {Chiral spin states and superconductivity},
  author = {Wen, X. G. and Wilczek, Frank and Zee, A.},
  journal = {Phys. Rev. B},
  volume = {39},
  issue = {16},
  pages = {11413--11423},
  numpages = {0},
  year = {1989},
  month = {Jun},
  publisher = {American Physical Society},
  doi = {10.1103/PhysRevB.39.11413},
  url = {https://link.aps.org/doi/10.1103/PhysRevB.39.11413}
}

@article{SRFL_PRB2008,
  title = {Classification of topological insulators and superconductors in three spatial dimensions},
  author = {Schnyder, Andreas P. and Ryu, Shinsei and Furusaki, Akira and Ludwig, Andreas W. W.},
  journal = {Phys. Rev. B},
  volume = {78},
  issue = {19},
  pages = {195125},
  numpages = {22},
  year = {2008},
  month = {Nov},
  publisher = {American Physical Society},
  doi = {10.1103/PhysRevB.78.195125},
  url = {https://link.aps.org/doi/10.1103/PhysRevB.78.195125}
}

@article{SWSH_PRL2006,
  title = {Quantum Spin-Hall Effect and Topologically Invariant Chern Numbers},
  author = {Sheng, D. N. and Weng, Z. Y. and Sheng, L. and Haldane, F. D. M.},
  journal = {Phys. Rev. Lett.},
  volume = {97},
  issue = {3},
  pages = {036808},
  numpages = {4},
  year = {2006},
  month = {Jul},
  publisher = {American Physical Society},
  doi = {10.1103/PhysRevLett.97.036808},
  url = {https://link.aps.org/doi/10.1103/PhysRevLett.97.036808}
}
